@article{PathwaysTeam2010,
    title = {{2050 Pathways One Pagers}},
    year = {2010},
    journal = {Available at: https://www.gov.uk/government/uploads/system/uploads/attachment{\_}data/file/147853/2050{\_}one{\_}pagers.PDF},
    author = {{Pathways Team}},
    url = {https://www.gov.uk/government/uploads/system/uploads/attachment_data/file/147853/2050_one_pagers.PDF}
}

@article{baurens,
    title = {{3D Thermo-Chemical-Mechanical Simulation of Power Ramps with ALCYONE Fuel Code}},
    year = {2014},
    journal = {Journal of Nuclear Materials},
    author = {Baurens, B and Sercombe, J and Riglet-Martial, C and Desgranges, L and Trotignon, L and Maugis, P},
    number = {1},
    pages = {578--594},
    volume = {452},
    publisher = {Elsevier}
}

@article{dwivedi1990computer,
    title = {{A computer simulation study of the defect structure of calcia-stabilized zirconia}},
    year = {1990},
    journal = {Philosophical Magazine A},
    author = {Dwivedi, A and Cormack, A},
    number = {1},
    pages = {1--22},
    volume = {61},
    publisher = {Taylor {\&} Francis}
}

@article{Cooper2014c,
    title = {{A many-body potential approach to modelling the thermomechanical properties of actinide oxides.}},
    year = {2014},
    journal = {Journal of physics. Condensed matter : an Institute of Physics journal},
    author = {Cooper, M W D and Rushton, M J D and Grimes, R W},
    number = {10},
    month = {3},
    pages = {105401},
    volume = {26},
    url = {http://www.ncbi.nlm.nih.gov/pubmed/24553129},
    doi = {10.1088/0953-8984/26/10/105401},
    issn = {1361-648X},
    pmid = {24553129},
    keywords = {Actinoid Series Elements, Actinoid Series Elements: chemistry, Chemical, Computer Simulation, Elastic Modulus, Hot Temperature, Models, Oxides, Oxides: chemistry, Thermal Conductivity, Thermodynamics}
}

@article{Michel2008,
    title = {{A new phenomenological criterion for pellet-cladding interaction rupture}},
    year = {2008},
    journal = {Nuclear Engineering and Design},
    author = {Michel, B and Sercombe, J and Thouvenin, G},
    pages = {1612--1628},
    volume = {238},
    doi = {10.1016/j.nucengdes.2008.01.012},
    issn = {00295493}
}

@article{ye2012primary,
    title = {{A primary analysis on mechanism of large scale cascading trip-off of wind turbine generators}},
    year = {2012},
    journal = {Dianli Xitong Zidonghua(Automation of Electric Power Systems)},
    author = {Ye, X and Lu, Z and Qiao, Y and Li, J and Wang, F and Luo, W},
    number = {8},
    pages = {11--17},
    volume = {36},
    publisher = {Automation of Electric Power Systems Press, P. O. Box 323 Nanjing 210003 aepsari-china. com http://www. cshnac. com}
}

@article{alam2011review,
    title = {{A review on the clad failure studies}},
    year = {2011},
    journal = {Nuclear Engineering and Design},
    author = {Alam, Tanweer and Khan, Mohd Kaleem and Pathak, Manabendra and Ravi, K and Singh, Ritu and Gupta, S K},
    number = {9},
    pages = {3658--3677},
    volume = {241},
    publisher = {Elsevier}
}

@article{legris2005ab,
    title = {{Ab initio atomic-scale modelling of iodine effects on hcp zirconium}},
    year = {2005},
    journal = {Philosophical Magazine},
    author = {Legris, A and Domain, C},
    number = {4-7},
    pages = {589--595},
    volume = {85},
    publisher = {Taylor {\&} Francis}
}

@article{debelle2010ability,
    title = {{Ability of cubic zirconia to accommodate radiation damage}},
    year = {2010},
    journal = {Scripta Materialia},
    author = {Debelle, A and Moll, S and D{\'{e}}camps, B and Decl{\'{e}}my, A and Thom{\'{e}}, L and Sattonnay, G and Garrido, F and Jozwik, I and Jagielski, J},
    number = {6},
    pages = {665--668},
    volume = {63},
    publisher = {Elsevier}
}

@article{Bell2015,
    title = {{Accommodation of tin in tetragonal ZrO2}},
    year = {2015},
    journal = {Journal of Applied Physics},
    author = {Bell, B D C and Murphy, S T and Burr, P A and Grimes, R W and Wenman, M R},
    number = {8},
    volume = {117},
    isbn = {0021-8979},
    doi = {10.1063/1.4909505},
    issn = {10897550},
    arxivId = {arXiv:1502.06883v1}
}

@misc{pearson2007air,
    title = {{Air-source heat pump}},
    year = {2007},
    author = {Pearson, S F},
    publisher = {Google Patents}
}

@article{amorphization2000wang,
    title = {{Amorphization of cubic zirconia by caesium-ion implantation}},
    year = {2000},
    journal = {Philosophical Magazine Letters},
    author = {Wang, L M and Wang, S X and Ewing, R C},
    number = {5},
    pages = {341--347},
    volume = {80},
    publisher = {Taylor {\&} Francis},
    url = {https://doi.org/10.1080/095008300176119},
    doi = {10.1080/095008300176119}
}

@article{Fregonese1998,
    title = {{Amount of iodine responsible for I-SCC of Zircaloy-4 in PCI-conditions: recoil-implanted and thermally released iodine}},
    year = {1998},
    journal = {Nuclear Engineering and Design},
    author = {Fregonese, M and Delette, G and Ducros, G and Lefebvre, F},
    number = {3},
    pages = {307--322},
    volume = {186},
    doi = {10.1016/S0029-5493(98)00289-1},
    issn = {00295493}
}

@book{Ojovan2014,
    title = {{An Introduction to Nuclear Waste Immobilisation}},
    year = {2014},
    booktitle = {An Introduction to Nuclear Waste Immobilisation},
    author = {Ojovan, M I and Lee, W E},
    isbn = {9780080993928},
    doi = {10.1016/B978-0-08-099392-8.00013-9},
    issn = {00392871},
    pmid = {9672982}
}

@article{Simeone2002,
    title = {{Analysis of the monoclinic-tetragonal phase transition of zirconia under irradiation}},
    year = {2002},
    journal = {Journal of Nuclear Materials},
    author = {Simeone, D and Gosset, D and Bechade, J L and Chevarier, A},
    number = {1},
    month = {1},
    pages = {27--38},
    volume = {300}
}

@techreport{Kenich2015,
    title = {{Atomistic Simulation of Iodine in Zirconia Using DFT}},
    year = {2015},
    author = {Kenich, A},
    institution = {Imperial College London}
}

@misc{Kuiper2007,
    title = {{Bandgap in Semiconductor}},
    year = {2007},
    author = {Kuiper, P},
    url = {https://upload.wikimedia.org/wikipedia/commons/4/46/Bandgap_in_semiconductor.svg}
}

@article{Saridag2013,
    title = {{Basic properties and types of zirconia: An overview}},
    year = {2013},
    journal = {World Journal of Stomatology},
    author = {Saridag, S and Tak, O and Alniacik, G},
    number = {3},
    pages = {40--47},
    volume = {2},
    isbn = {9026234422},
    doi = {10.5321/wjs.v2.i3.40},
    keywords = {although all zirconia is, biocompatibility, chemically similar, core tip, from manufacturer to manu-, mechanical properties, ping, porcelain chip-, the, ultimate product can vary, zirconia}
}

@article{degueldre2001behaviour,
    title = {{Behaviour of implanted xenon in yttria-stabilised zirconia as inert matrix of a nuclear fuel}},
    year = {2001},
    journal = {Journal of nuclear materials},
    author = {Degueldre, C and Pouchon, M and D{\"{o}}beli, M and Sickafus, K and Hojou, K and Ledergerber, G and Abolhassani-Dadras, S},
    number = {1},
    pages = {115--121},
    volume = {289},
    publisher = {Elsevier}
}

@article{neutronrich,
    title = {{Calculation of Delayed-Neutron Energy Spectra in a Quasiparticle Random-Phase Approximation--Hauser-Feshbach Model}},
    year = {2008},
    journal = {Physical Review C},
    author = {Kawano, Toshihiko and M{\"{o}}ller, P and Wilson, William B},
    number = {5},
    pages = {54601},
    volume = {78},
    publisher = {APS}
}

@article{wang2012ceramics,
    title = {{Ceramics for high level radioactive waste solidification}},
    year = {2012},
    journal = {Journal of Advanced Ceramics},
    author = {Wang, L and Liang, T},
    number = {3},
    pages = {194--203},
    volume = {1},
    publisher = {Springer-Verlag(Heidelberg), Tiergartenstrasse 17 Heidelberg 69121 Germany}
}

@article{tetragonalZrO2,
    title = {{Ceramics of highly refractory materials}},
    year = {1929},
    journal = {Z. Anorg. Allgem. Chem},
    author = {Ruff, O and Ebert, F},
    pages = {19--41},
    volume = {180}
}

@article{Oskarsson2001,
    title = {{Characterisation of pre-transition oxides on Zircaloys}},
    year = {2001},
    journal = {Journal of Nuclear Materials},
    author = {Oskarsson, M and Ahlberg, E and Andersson, U and Pettersson, K},
    number = {1},
    pages = {77--88},
    volume = {297}
}

@article{monoclinicZrO2,
    title = {{Chemical analysis by X-ray diffraction}},
    year = {1938},
    journal = {Industrial {\&} Engineering Chemistry Analytical Edition},
    author = {Hanawalt, J D and Rinn, H W and Frevel, L K},
    number = {9},
    pages = {457--512},
    volume = {10},
    publisher = {ACS Publications}
}

@article{cervero2007city,
    title = {{City CarShare: longer-term travel demand and car ownership impacts}},
    year = {2007},
    journal = {Transportation Research Record: Journal of the Transportation Research Board},
    author = {Cervero, R and Golub, A and Nee, B},
    number = {1},
    pages = {70--80},
    volume = {1992},
    publisher = {Trans Res Board}
}

@phdthesis{Xia2010,
    title = {{Computational Modelling Study of Yttria-stabilized Zirconia Thesis submitted for the degree of Doctor of Philosophy Xin Xia}},
    year = {2010},
    booktitle = {Ph.D thesis},
    author = {Xia, X},
    school = {University College London}
}

@phdthesis{ball2006computer,
    title = {{Computer Simulation of Disorder in Ceramic Materials}},
    year = {2006},
    author = {Ball, J},
    school = {Ph. D. Thesis, University of London, Department of Materials}
}

@article{Hofmann1985,
    title = {{Conditions under which CsI can cause SCC failure of zircaloy tubing}},
    year = {1985},
    journal = {Journal of Nuclear Materials},
    author = {Hofmann, P and Spino, J},
    number = {2-3},
    pages = {205--220},
    volume = {127},
    doi = {10.1016/0022-3115(85)90357-5},
    issn = {00223115}
}

@article{Pulay1980,
    title = {{Convergence acceleration of iterative sequences. the case of scf iteration}},
    year = {1980},
    journal = {Chemical Physics Letters},
    author = {Pulay, P},
    number = {2},
    month = {7},
    pages = {393--398},
    volume = {73},
    url = {http://www.sciencedirect.com/science/article/pii/0009261480803964%5Cnhttp://linkinghub.elsevier.com/retrieve/pii/0009261480803964},
    isbn = {0009-2614},
    doi = {10.1016/0009-2614(80)80396-4},
    issn = {00092614},
    pmid = {24782067}
}

@article{Motta2015,
    title = {{Corrosion of Zirconium Alloys Used for Nuclear Fuel Cladding}},
    year = {2015},
    journal = {Annual Review of Materials Research},
    author = {Motta, A T and Couet, A and Comstock, R J},
    number = {1},
    volume = {45},
    doi = {10.1146/annurev-matsci-070214-020951},
    issn = {1531-7331}
}

@article{Nicholls2015,
    title = {{Crystal structure of the ZrO phase at zirconium/zirconium oxide interfaces}},
    year = {2015},
    journal = {Advanced Engineering Materials},
    author = {Nicholls, R J and Ni, N and Lozano-Perez, S and London, A and McComb, D W and Nellist, P D and Grovenor, C R M and Pickard, C J and Yates, J R},
    number = {2},
    pages = {211--215},
    volume = {17},
    publisher = {Wiley-VCH Verlag}
}

@article{burr2015crystal,
    title = {{Crystal structure, thermodynamics, magnetics and disorder properties of Be--Fe--Al intermetallics}},
    year = {2015},
    journal = {Journal of Alloys and Compounds},
    author = {Burr, P A and Middleburgh, S C and Grimes, R W},
    pages = {111--122},
    volume = {639},
    publisher = {Elsevier}
}

@article{Wyckoff1963,
    title = {{Crystal Structures,}},
    year = {1963},
    journal = {rystal Structures, 2nd ed.; John Wiley {\&} Sons: New York, NY, USA, 1963; Volume 4, pp. 400–401},
    author = {Wyckoff, R G W},
    pages = {400--401},
    isbn = {9780470750155},
    doi = {10.1074/jbc.M111.271213},
    issn = {1083-351X},
    pmid = {22065588}
}

@article{phases,
    title = {{Crystallographic Forms of Zirconia - MSE 413 Advanced Structural Ceramics}},
    year = {2015},
    journal = {Imperial College London},
    author = {Vandeperre, L},
    publisher = {Centre for Advanced Structural Ceramics}
}

@article{DecayHeatGeneration,
    title = {{Decay Heat Power in Light Water Reactors}},
    year = {2005},
    journal = {American National Standard},
    author = {{ANSI/ANS}},
    number = {1},
    volume = {5},
    publisher = {American Nuclear Society}
}

@article{Busker2000,
    title = {{Diffusion of iodine and caesium in the UO2??x lattice}},
    year = {2000},
    journal = {Journal of Nuclear Materials},
    author = {Busker, G and Grimes, R W and Bradford, M R},
    number = {1},
    volume = {279},
    doi = {10.1016/S0022-3115(99)00274-3},
    issn = {00223115}
}

@article{li1994effect,
    title = {{Effect of dopants on zirconia stabilization—an X-ray absorption study: I, trivalent dopants}},
    year = {1994},
    journal = {Journal of the American Ceramic Society},
    author = {Li, P and Chen, I-W. and Penner-Hahn, J E},
    number = {1},
    pages = {118--128},
    volume = {77},
    publisher = {Wiley Online Library}
}

@incollection{yagnik2005effect,
    title = {{Effect of PWR Re-start Ramp Rate on Pellet-cladding Interactions}},
    year = {2005},
    booktitle = {Pellet-clad Interaction in Water Reactor Fuels},
    author = {Yagnik, S K and Chang, B C and Sunderland, D J},
    publisher = {International Nuclear Information System}
}

@article{ramping,
    title = {{Effect of PWR Re-start Ramp Rate on Pellet-Cladding Interactions}},
    year = {2004},
    journal = {Nuclear Science - Seminar Proceedings},
    author = {Yagnik, S K and Sunderland, D J and Cheng, B C},
    pages = {31--50},
    publisher = {NEA}
}

@article{yang2012effect,
    title = {{Effect of step wise variation of oxygen potential during the isothermal sintering on the grain growth behavior in Cr 2 O 3 doped UO 2 pellets}},
    year = {2012},
    journal = {Journal of Nuclear Materials},
    author = {Yang, J H and Kim, K S and Nam, I H and Oh, J S and Kim, D and Rhee, Y W and Kim, J H},
    number = {1},
    pages = {25--33},
    volume = {429},
    publisher = {Elsevier}
}

@article{ukaji1966effect,
    title = {{Effect of temperature on the molecular structure of iodine observed by gas electron diffraction}},
    year = {1966},
    journal = {Bulletin of the Chemical Society of Japan},
    author = {Ukaji, T and Kuchitsu, K},
    number = {10},
    pages = {2153--2156},
    volume = {39},
    publisher = {The Chemical Society of Japan}
}

@article{carlot2002energetically,
    title = {{Energetically favourable sites of iodine atoms in zirconium: an ab initio approach}},
    year = {2002},
    journal = {Philosophical Magazine B},
    author = {Carlot, G and Davesne, D},
    number = {1},
    pages = {73--83},
    volume = {82},
    publisher = {Taylor {\&} Francis}
}

@article{aarhammar2009energetics,
    title = {{Energetics of Al doping and intrinsic defects in monoclinic and cubic zirconia: First-principles calculations}},
    year = {2009},
    journal = {Physical Review B},
    author = {{\AA}rhammar, C and Ara{\'{u}}jo, C M and Ahuja, R},
    number = {11},
    pages = {115208},
    volume = {80},
    publisher = {APS}
}

@article{Batyrev2000,
    title = {{Equilibrium and adhesion of Nb/sapphire: The effect of oxygen partial pressure}},
    year = {2000},
    journal = {Physical Review B},
    author = {Batyrev, I and Alavi, A and Finnis, M},
    number = {7},
    pages = {4698--4706},
    volume = {62},
    url = {http://arxiv.org/abs/cond-mat/0001159%5Cnhttp://link.aps.org/doi/10.1103/PhysRevB.62.4698},
    doi = {10.1103/PhysRevB.62.4698},
    issn = {0163-1829},
    arxivId = {cond-mat/0001159}
}

@article{Esteki2015,
    title = {{Estimation of the xenon concentration and delayed neutrons precursors densities in the pressurized-water nuclear reactors (PWR) with sliding mode observer considering xenon oscillations}},
    year = {2015},
    journal = {Annals of Nuclear Energy},
    author = {Esteki, M H and Ansarifar, G R and Arghand, M},
    pages = {1--22},
    volume = {77},
    doi = {10.1016/j.anucene.2014.10.041},
    issn = {18732100},
    keywords = {Lyapunov approach, Normalized axial xenon oscillation, Pressurized-water nuclear reactor, Sliding mode observer, Two-point nuclear reactor model}
}

@article{iaeafissionyield,
    title = {{Evaluated Nuclear Data File}},
    year = {2015},
    journal = {Nuclear Data Services},
    author = {{IAEA}},
    publisher = {IAEA},
    url = {https://www-nds.iaea.org/exfor/endf.htm}
}

@book{Beie1994,
    title = {{Examinations of the corrosion mechanism of zirconium alloys.}},
    year = {1994},
    booktitle = {Astm-Stp},
    author = {Beie, H J and Mitwalsky, A and Garzarolli, F and Ruhmann, H and Sell, H J},
    pages = {615--643},
    volume = {1245},
    isbn = {978-0-8031-2011-2},
    doi = {10.1520/STP1245-EB},
    keywords = {Alloys, BWR, Fuel, Li, Oxide film, TEM, ZIRCONIUM ALLOYS, corrosion, precipitates, stress, zirconia, zirconium}
}

@misc{French1994,
    title = {{Experimental and theoretical determination of the electronic structure and optical properties of three phases of ZrO2}},
    year = {1994},
    booktitle = {Physical Review B},
    author = {French, R and Glass, S and Ohuchi, F and Xu, Y and Ching, W},
    number = {8},
    pages = {5133--5142},
    volume = {49},
    isbn = {0163-1829 (Print) 0163-1829 (Linking)},
    doi = {10.1103/PhysRevB.49.5133},
    issn = {0163-1829},
    pmid = {10011463}
}

@article{peehs1982experimental,
    title = {{Experimental investigations of caesium and iodine release from irradiated UO 2}},
    year = {1982},
    journal = {High Temperatures-High Pressures},
    author = {Peehs, M and Kaspar, G},
    number = {5},
    pages = {517--522},
    volume = {14}
}

@inproceedings{fregonese2000failure,
    title = {{Failure Mechanisms of irradiated Zr alloys related to PCI: Activated slip systems, localized strains, and iodine-induced stress corrosion cracking}},
    year = {2000},
    booktitle = {Zirconium in the Nuclear Industry: Twelfth International Symposium},
    author = {Fregonese, M and R{\'{e}}gnard, C and Rouillon, L and Magnin, T and Lefebvre, F and Lemaignan, C},
    organization = {ASTM International}
}

@article{Clark2005,
    title = {{First principles methods using CASTEP}},
    year = {2005},
    journal = {Zeitschrift f{\"{u}}r Kristallographie},
    author = {Clark, S J and Segall, M D and Pickard, C J and Hasnip, P J and Probert, M J and Refson, K and Payne, M C},
    number = {5-6-2005},
    pages = {567--570},
    volume = {220},
    url = {http://dx.doi.org/10.1524/zkri.220.5.567.65075},
    isbn = {0044-2968},
    doi = {10.1524/zkri.220.5.567.65075},
    issn = {00442968}
}

@article{rossi2015first,
    title = {{First-principles insights into the nature of zirconium--iodine interactions and the initiation of iodine-induced stress--corrosion cracking}},
    year = {2015},
    journal = {Journal of Nuclear Materials},
    author = {Rossi, M L and Taylor, C D},
    pages = {1--10},
    volume = {458},
    publisher = {Elsevier}
}

@article{jiang2011first,
    title = {{First-principles prediction of the thermodynamic stability of xenon in monoclinic, tetragonal, and yttrium-stabilized cubic ZrO 2}},
    year = {2011},
    journal = {Physical Review B},
    author = {Jiang, C and Liu, X-Y. and Sickafus, K E},
    number = {5},
    pages = {52103},
    volume = {83},
    publisher = {APS}
}

@article{zheng2007first,
    title = {{First-principles study of native point defects in hafnia and zirconia}},
    year = {2007},
    journal = {Physical review B},
    author = {Zheng, J X and Ceder, G and Maxisch, T and Chim, W K and Choi, W K},
    number = {10},
    pages = {104112},
    volume = {75},
    publisher = {APS}
}

@misc{Christensen1998,
    title = {{First-principles study of the surfaces of zirconia}},
    year = {1998},
    booktitle = {Physical Review B},
    author = {Christensen, A and Carter, E},
    pages = {8050--8064},
    volume = {58},
    isbn = {1098-0121},
    doi = {10.1103/PhysRevB.58.8050},
    issn = {0163-1829}
}

@article{iodine132,
    title = {{Fission Yields of Several Iodine Isotopes and Half-Life and Fission Yield of Te 135}},
    year = {1970},
    journal = {Physical Review C},
    author = {Delucchi, A A and Greendale, A E},
    number = {4},
    pages = {1491},
    volume = {1},
    publisher = {APS}
}

@misc{Crouch1977,
    title = {{Fission-product yields from neutron-induced fission}},
    year = {1977},
    booktitle = {Atomic Data and Nuclear Data Tables},
    author = {Crouch, E A C},
    number = {5},
    pages = {417--532},
    volume = {19},
    doi = {10.1016/0092-640X(77)90023-7},
    issn = {10902090}
}

@article{Cooper2013,
    title = {{Formation of (Cr,Al)UO4 from doped UO2 and its influence on partition of soluble fission products}},
    year = {2013},
    journal = {Journal of Nuclear Materials},
    author = {Cooper, M W D and Gregg, D J and Zhang, Y and Thorogood, G J and Lumpkin, G R and Grimes, R W and Middleburgh, S C},
    number = {1-3},
    month = {11},
    pages = {236--241},
    volume = {443},
    publisher = {Elsevier B.V.},
    url = {http://linkinghub.elsevier.com/retrieve/pii/S0022311513009264},
    doi = {10.1016/j.jnucmat.2013.07.038},
    issn = {00223115}
}

@article{cubicZrO2,
    title = {{Forms of Zirconium Dioxide Depending on Treatment}},
    year = {1930},
    journal = {Z. Phys. Chem},
    author = {Cohn, W M and Tolksdorf, S}
}

@article{whittemore1952fused,
    title = {{Fused stabilized zirconia and refractories}},
    year = {1952},
    journal = {Journal of the American Ceramic Society},
    author = {Whittemore, O J and Marshall, D W},
    number = {4},
    pages = {85--89},
    volume = {35},
    publisher = {Wiley Online Library}
}

@article{ONS2015,
    title = {{GDP Annual Growth Rate}},
    year = {2015},
    journal = {Available at: http://www.tradingeconomics.com/united-kingdom/gdp-growth-annual},
    author = {{ONS}},
    url = {http://www.tradingeconomics.com/united-kingdom/gdp-growth-annual}
}

@article{Perdew1996,
    title = {{Generalized Gradient Approximation Made Simple.}},
    year = {1996},
    journal = {Physical review letters},
    author = {Perdew, J and Burke, K and Ernzerhof, M},
    chapter = {3865},
    number = {18},
    pages = {3865--3868},
    series = {Phys. Rev. Lett. (USA)},
    volume = {77},
    publisher = {American Physical Society},
    url = {http://www.ncbi.nlm.nih.gov/pubmed/10062328},
    isbn = {9780596529321},
    doi = {10.1103/PhysRevLett.77.3865},
    issn = {1079-7114},
    pmid = {10062328}
}

@article{iodinefissionyields,
    title = {{Handbook of Nuclear Data for Safeguards: Database Extensions}},
    year = {2008},
    journal = {Nuclear Data Services},
    author = {Nichols, A L and Aldama, D L and Verpelli, M},
    publisher = {IAEA}
}

@article{iodinefissionyieldsb,
    title = {{Handbook of Nuclear Data for Safeguards: Database Extensions}},
    year = {2008},
    author = {A. L. Nichols D. L. Aldama, M Verpelli},
    publisher = {IAEA}
}

@article{MetOffice2015,
    title = {{Heathrow Weather Data - Historical}},
    year = {2015},
    journal = {Available at: http://www.metoffice.gov.uk/pub/data/weather/uk/climate/stationdata/heathrowdata.txt},
    author = {{Met Office}}
}

@article{Meyer2007,
    title = {{High Burnup Fuels}},
    year = {2007},
    journal = {Available at: https://gcep.stanford.edu/pdfs/UVaodfDrAb3BdgeRCpoy-w/06-Meyer-GCEP-Workshop.pdf},
    author = {Meyer, M K},
    url = {https://gcep.stanford.edu/pdfs/UVaodfDrAb3BdgeRCpoy-w/06-Meyer-GCEP-Workshop.pdf}
}

@article{Zarkadoula2014,
    title = {{High-energy radiation damage in zirconia: Modeling results}},
    year = {2014},
    journal = {Journal of Applied Physics},
    author = {Zarkadoula, E and Devanathan, R and Weber, W J and Seaton, M A and Todorov, I T and Nordlund, K and Dove, M T and Trachenko, K},
    number = {8},
    volume = {115},
    publisher = {American Institute of Physics Inc.}
}

@article{NationalGrid2015,
    title = {{Historical Demand Data}},
    year = {2015},
    journal = {Available at: http://www2.nationalgrid.com/UK/Industry-information/Electricity-transmission-operational-data/Data-Explorer/},
    author = {{NationalGrid}},
    url = {http://www2.nationalgrid.com/UK/Industry-information/Electricity-transmission-operational-data/Data-Explorer/}
}

@article{electricityprices,
    title = {{Historical Electricity Prices}},
    year = {2015},
    author = {Brokers, Energy},
    publisher = {NEA},
    url = {http://www.energybrokers.co.uk/electricity/historic-price-data-graph.htm}
}

@article{couet2014hydrogen,
    title = {{Hydrogen pickup measurements in zirconium alloys: Relation to oxidation kinetics}},
    year = {2014},
    journal = {Journal of Nuclear Materials},
    author = {Couet, A and Motta, A T and Comstock, R J},
    number = {1-3},
    pages = {1--13},
    volume = {451},
    publisher = {Elsevier}
}

@article{burr2017importance,
    title = {{Importance of elastic finite-size effects: Neutral defects in ionic compounds}},
    year = {2017},
    journal = {Physical Review B},
    author = {Burr, Patrick A and Cooper, Michael William Donald},
    number = {9},
    pages = {94107},
    volume = {96},
    publisher = {APS}
}

@article{imanishi1976independent,
    title = {{Independent isomer yields of Sb and Te isotopes in thermal-neutron fission of 233U, 235U and 239Pu}},
    year = {1976},
    journal = {Nuclear Physics A},
    author = {Imanishi, N and Fujiwara, I and Nishi, T},
    number = {1},
    pages = {141--149},
    volume = {263},
    publisher = {Elsevier}
}

@article{bojinov2010influence,
    title = {{Influence of water chemistry on the corrosion mechanism of a zirconium--niobium alloy in simulated light water reactor coolant conditions}},
    year = {2010},
    journal = {Corrosion Science},
    author = {Bojinov, M and Karastoyanov, V and Kinnunen, P and Saario, T},
    number = {1},
    pages = {54--67},
    volume = {52},
    publisher = {Elsevier}
}

@book{theo1996international,
    title = {{International tables for crystallography: Brief teaching edition of volume A, Space-group symmetry}},
    year = {1996},
    author = {Hahn, T},
    volume = {1},
    publisher = {Kluwer Academic Pub}
}

@article{orera1990intrinsic,
    title = {{Intrinsic electron and hole defects in stabilized zirconia single crystals}},
    year = {1990},
    journal = {Physical Review B},
    author = {Orera, V M and Merino, R I and Chen, Y and Cases, R and Alonso, P J},
    number = {16},
    pages = {9782},
    volume = {42},
    publisher = {APS}
}

@article{youssef2012intrinsic,
    title = {{Intrinsic point-defect equilibria in tetragonal ZrO 2: Density functional theory analysis with finite-temperature effects}},
    year = {2012},
    journal = {Physical Review B},
    author = {Youssef, M and Yildiz, B},
    number = {14},
    pages = {144109},
    volume = {86},
    publisher = {APS}
}

@misc{Hasnip2010,
    title = {{Introduction to First-Principles Modelling and CASTEP}},
    year = {2010},
    author = {Hasnip, P J},
    url = {http://www-users.york.ac.uk/%7B~%7Dpjh503/DFT/intro_DFT_CASTEP.pdf}
}

@article{politova2004investigation,
    title = {{Investigation of scandia--yttria--zirconia system as an electrolyte material for intermediate temperature fuel cells—influence of yttria content in system (Y 2 O 3) x (Sc 2 O 3)(11- x)(ZrO 2) 89}},
    year = {2004},
    journal = {Solid State Ionics},
    author = {Politova, T I and Irvine, J T S},
    number = {1},
    pages = {153--165},
    volume = {168},
    publisher = {Elsevier}
}

@article{Simeone2000,
    title = {{Investigation on the zirconia phase transition under irradiation}},
    year = {2000},
    journal = {Journal of Nuclear Materials},
    author = {Simeone, D and Bechade, J L and Gosset, D and Chevarier, A and Daniel, P and Pilliaire, H and Baldinozzi, G},
    number = {2-3},
    pages = {171--181},
    volume = {281}
}

@article{kenichiodine2018,
    title = {{Iodine defect energies and equilibria in ZrO2}},
    year = {2018},
    journal = {Journal of Nuclear Materials},
    author = {Kenich, A. and Wenman, M. R. and Grimes, R. W.},
    pages = {390--395},
    volume = {511},
    isbn = {9781424422975},
    doi = {10.1016/j.jnucmat.2018.09.018},
    issn = {00223115}
}

@article{Sidky1998,
    title = {{Iodine stress corrosion cracking of Zircaloy reactor cladding: iodine chemistry (a review)}},
    year = {1998},
    journal = {Journal of Nuclear Materials},
    author = {Sidky, P S},
    number = {1},
    pages = {1--17},
    volume = {256},
    doi = {10.1016/S0022-3115(98)00044-0},
    issn = {00223115}
}

@article{Payne1992,
    title = {{Iterative minimization techniques for ab initio total-energy calculations: Molecular dynamics and conjugate gradients}},
    year = {1992},
    journal = {Reviews of Modern Physics},
    author = {Payne, M. C. and Teter, M. P. and Allan, D. C. and Arias, T. A. and Joannopoulos, J. D.},
    isbn = {0034-6861},
    doi = {10.1103/RevModPhys.64.1045},
    issn = {00346861},
    pmid = {20926156},
    arxivId = {arXiv:1101.0291v1}
}

@article{Bolotin2014,
    title = {{Justifying the Classical-Quantum Divide of the Copenhagen Interpretation}},
    year = {2014},
    author = {Bolotin, A},
    month = {7},
    pages = {9},
    url = {http://arxiv.org/abs/1407.6278},
    arxivId = {1407.6278}
}

@article{kennett1956mass,
    title = {{Mass Spectrometrically Determined Independent Yields of I 128, I 130, Br 80, and Br 82 for U 233, U 235, and Pu 239 Fission}},
    year = {1956},
    journal = {Physical Review},
    author = {Kennett, T. J. and Thode, H. G.},
    pages = {323},
    volume = {103},
    publisher = {APS}
}

@article{Eichler2004,
    title = {{Mechanical properties of monoclinic zirconia}},
    year = {2004},
    journal = {Journal of the American Ceramic Society},
    author = {Eichler, J and Eisele, U and R{\"{o}}del, J},
    number = {7},
    month = {7},
    pages = {1401--1403},
    volume = {87}
}

@article{bruemmer1994microstructural,
    title = {{Microstructural and microchemical mechanisms controlling intergranular stress corrosion cracking in light-water-reactor systems}},
    year = {1994},
    journal = {Journal of Nuclear Materials},
    author = {Bruemmer, S M and Was, G S},
    pages = {348--363},
    volume = {216},
    publisher = {Elsevier}
}

@article{wang2006microstructural,
    title = {{Microstructural feature, thermal shock resistance and isothermal oxidation resistance of nanostructured zirconia coating}},
    year = {2006},
    journal = {Materials Science and Engineering: A},
    author = {Wang, W Q and Sha, C K and Sun, D Q and Gu, X Y},
    number = {1},
    pages = {1--5},
    volume = {424},
    publisher = {Elsevier}
}

@inproceedings{Hocking2001,
    title = {{Migration behaviour of iodine in nuclear fuel}},
    year = {2001},
    booktitle = {Journal of Nuclear Materials},
    author = {Hocking, W H and Verrall, R A and Muir, I J},
    pages = {45--52},
    volume = {294},
    isbn = {0022-3115},
    doi = {10.1016/S0022-3115(01)00447-0},
    issn = {00223115}
}

@incollection{Michel2012,
    title = {{Modeling of pellet cladding interaction}},
    year = {2012},
    booktitle = {Comprehensive Nuclear Materials},
    author = {Michel, B and Sercombe, J and Nonon, C and Fandeur, O},
    pages = {677--712},
    volume = {3},
    isbn = {9780080560335},
    doi = {10.1016/B978-0-08-056033-5.00074-4},
    keywords = {Finite element computation, Fuel performance code, Multiphysic algorithm, Pellet-cladding interaction}
}

@article{foster2002modelling,
    title = {{Modelling of point defects in monoclinic zirconia}},
    year = {2002},
    journal = {Journal of non-crystalline solids},
    author = {Foster, A S and Sulimov, V B and Gejo, F L and Shluger, A L and Nieminen, R M},
    number = {1},
    pages = {101--107},
    volume = {303},
    publisher = {Elsevier}
}

@article{Sonzogni2004,
    title = {{Nuclear Data Sheets for A = 134}},
    year = {2004},
    journal = {Nuclear Data Sheets},
    author = {Sonzogni, A A},
    number = {1},
    month = {9},
    pages = {1--182},
    volume = {103},
    url = {http://www.sciencedirect.com/science/article/pii/S0090375204000717},
    doi = {10.1016/j.nds.2004.11.001},
    issn = {00903752}
}

@article{Singh2008,
    title = {{Nuclear Data Sheets for A = 135}},
    year = {2008},
    journal = {Nuclear Data Sheets},
    author = {Singh, B and Rodionov, A A and Khazov, Y L},
    number = {3},
    month = {3},
    pages = {517--698},
    volume = {109},
    url = {http://www.sciencedirect.com/science/article/pii/S0090375208000094},
    doi = {10.1016/j.nds.2008.02.001},
    issn = {00903752}
}

@article{hiddleston1974nuclear,
    title = {{Nuclear data sheets for A= 130}},
    year = {1974},
    journal = {Nuclear Data Sheets},
    author = {Hiddleston, H R and Browne, C P},
    number = {2},
    pages = {133--190},
    volume = {13},
    publisher = {Elsevier}
}

@article{khazov2006nuclear,
    title = {{Nuclear data sheets for A= 131}},
    year = {2006},
    journal = {Nuclear Data Sheets},
    author = {Khazov, Y and Mitropolsky, I and Rodionov, A},
    number = {11},
    pages = {2715--2930},
    volume = {107},
    publisher = {Elsevier}
}

@article{Olander2009,
    title = {{Nuclear fuels – Present and future}},
    year = {2009},
    journal = {Journal of Nuclear Materials},
    author = {Olander, D},
    number = {1},
    month = {5},
    pages = {1--22},
    volume = {389},
    url = {http://www.sciencedirect.com/science/article/pii/S0022311509000063},
    doi = {10.1016/j.jnucmat.2009.01.297},
    issn = {00223115}
}

@article{amiel1975odd,
    title = {{Odd-even systematics in neutron fission yields of U 233 and U 235}},
    year = {1975},
    journal = {Physical Review C},
    author = {Amiel, S and Feldstein, H},
    number = {3},
    pages = {845},
    volume = {11},
    publisher = {APS}
}

@article{bansal1972martensitic,
    title = {{On a martensitic phase transformation in zirconia (ZrO2)—I. Metallographic evidence}},
    year = {1972},
    journal = {Acta Metallurgica},
    author = {Bansal, G K and Heuer, A H},
    number = {11},
    pages = {1281--1289},
    volume = {20},
    publisher = {Elsevier}
}

@article{bansal1974martensitic,
    title = {{On a martensitic phase transformation in zirconia (ZrO2)—II. Crystallographic aspects}},
    year = {1974},
    journal = {Acta Metallurgica},
    author = {Bansal, G K and Heuer, A H},
    number = {4},
    pages = {409--417},
    volume = {22},
    publisher = {Elsevier}
}

@article{Loesoenen2000,
    title = {{On the behaviour of intragranular fission gas in UO2 fuel}},
    year = {2000},
    journal = {Journal of Nuclear Materials},
    author = {Loesoenen, P},
    number = {1},
    pages = {56--72},
    volume = {280},
    isbn = {0022-3115},
    doi = {10.1016/S0022-3115(00)00028-3},
    issn = {00223115}
}

@article{rosztoczy1964optimum,
    title = {{Optimum reactor shutdown program for minimum xenon buildup}},
    year = {1964},
    journal = {Nuclear Science and Engineering},
    author = {Rosztoczy, Z R and Weaver, L E},
    number = {3},
    pages = {318--323},
    volume = {20},
    publisher = {American Nuclear Society}
}

@article{glazoff2014oxidation,
    title = {{Oxidation and hydrogen uptake in zirconium, Zircaloy-2 and Zircaloy-4: Computational thermodynamics and ab initio calculations}},
    year = {2014},
    journal = {Journal of Nuclear Materials},
    author = {Glazoff, M V and Tokuhiro, A and Rashkeev, S N and Sabharwall, P},
    number = {1-3},
    pages = {65--75},
    volume = {444},
    publisher = {Elsevier}
}

@article{porte1960oxidation,
    title = {{Oxidation of zirconium and zirconium alloys}},
    year = {1960},
    journal = {Journal of the Electrochemical Society},
    author = {Porte, H A and Schnizlein, J G and Vogel, R C and Fischer, D F},
    number = {6},
    pages = {506--515},
    volume = {107},
    publisher = {The Electrochemical Society}
}

@inproceedings{garzarolli1991oxide,
    title = {{Oxide growth mechanism on zirconium alloys}},
    year = {1991},
    booktitle = {Zirconium in the Nuclear Industry: Ninth International Symposium},
    author = {Garzarolli, F and Seidel, H and Tricot, R and Gros, J P},
    organization = {ASTM International}
}

@article{krishnamurthy2004oxygen,
    title = {{Oxygen Diffusion in Yttria-Stabilized Zirconia: A New Simulation Model}},
    year = {2004},
    journal = {Journal of the American Ceramic Society},
    author = {Krishnamurthy, R and Yoon, Y-G. and Srolovitz, D J and Car, R},
    number = {10},
    pages = {1821--1830},
    volume = {87},
    publisher = {Wiley Online Library}
}

@article{PACEpresentation,
    title = {{P.C.I}},
    year = {2015},
    journal = {Pellet-Associated Cladding Degradation Consortium},
    author = {Ambard, A},
    publisher = {EDF R{\&}D},
    url = {http://tinyurl.com/mgunrpv}
}

@article{gando2011partial,
    title = {{Partial radiogenic heat model for Earth revealed by geoneutrino measurements}},
    year = {2011},
    journal = {Nature Geoscience},
    author = {Gando, A and Gando, Y and Ichimura, K and Ikeda, H and Inoue, K and Kibe, Y and Kishimoto, Y and Koga, M and Minekawa, Y and Mitsui, T and {Others}},
    number = {9},
    pages = {647},
    volume = {4},
    publisher = {Nature Publishing Group}
}

@article{Cooper2013a,
    title = {{Partition of soluble fission products between the grey phase, ZrO2 and uranium dioxide}},
    year = {2013},
    journal = {Journal of Nuclear Materials},
    author = {Cooper, M W D and Middleburgh, S C and Grimes, R W},
    number = {1-3},
    month = {7},
    pages = {238--245},
    volume = {438},
    publisher = {Elsevier B.V.},
    url = {http://linkinghub.elsevier.com/retrieve/pii/S0022311513005333},
    doi = {10.1016/j.jnucmat.2013.02.082},
    issn = {00223115}
}

@incollection{nonon2005pci,
    title = {{PCI behaviour of chromium oxide-doped fuel}},
    year = {2005},
    booktitle = {Pellet-clad Interaction in Water Reactor Fuels},
    author = {Nonon, C and Menard, J C and Lansiart, S and Noirot, J and Martin, S and Decroix, G M and Rabouille, O and Delafoy, C and Petitprez, B},
    publisher = {International Nuclear Information System}
}

@article{transients,
    title = {{PCMI Implications for High Burn-up Light Water Reactor Fuel in Reactivity-Initiated Accidents}},
    year = {2004},
    journal = {Nuclear Science - Seminar Proceedings},
    author = {C. Vitanza, J M Conde Lopez},
    publisher = {NEA}
}

@article{bcoxpelletclad1990,
    title = {{Pellet-clad interaction (PCI) failures of zirconium alloy fuel cladding — A review}},
    year = {1990},
    journal = {Journal of Nuclear Materials},
    author = {Cox, B},
    number = {3},
    pages = {249--292},
    volume = {172},
    doi = {10.1016/0022-3115(90)90282-R},
    issn = {00223115}
}

@article{pelletpellet,
    title = {{Pellet-Clad Interactions in Water Reactor Fuels}},
    year = {2004},
    journal = {Nuclear Science - Seminar Proceedings},
    author = {{OECD}},
    publisher = {NEA}
}

@article{Makov1995,
    title = {{Periodic boundary conditions in ab initio calculations}},
    year = {1995},
    journal = {Physical Review B},
    author = {Makov, G and Payne, M C},
    number = {7},
    pages = {4014--4022},
    volume = {51},
    isbn = {Copyright (C) 2010 The American Physical Society},
    doi = {10.1103/PhysRevB.51.4014},
    issn = {01631829},
    pmid = {9979237}
}

@article{stubican1978phase,
    title = {{Phase Equilibria and Ordering in the System ZrO2-Y2O3}},
    year = {1978},
    journal = {Journal of the American Ceramic Society},
    author = {Stubican, V S and Hink, R C and Ray, S P},
    number = {1-2},
    pages = {17--21},
    volume = {61},
    publisher = {Wiley Online Library}
}

@article{scott1975phase,
    title = {{Phase relationships in the zirconia-yttria system}},
    year = {1975},
    journal = {Journal of Materials Science},
    author = {Scott, H G},
    number = {9},
    pages = {1527--1535},
    volume = {10},
    publisher = {Springer}
}

@article{kingery1997physical,
    title = {{Physical Ceramics: Principles for ceramic science and engineering}},
    year = {1997},
    journal = {Phys. Ceram. Princ. Ceram. Sci. Eng},
    author = {Kingery, W D and Chiang, Y M and Birnie, D P}
}

@article{Murphy2014,
    title = {{Point Defects and Non-stoichiometry in Li 2 TiO 3}},
    year = {2014},
    journal = {Chemistry of Materials},
    author = {Murphy, S T and Hine, N D M},
    number = {4},
    pages = {1629--1638},
    volume = {26},
    url = {http://dx.doi.org/10.1021/cm4038473},
    doi = {10.1021/cm4038473},
    issn = {0897-4756}
}

@article{Murphy2014a,
    title = {{Point defects and non-stoichiometry in thoria}},
    year = {2014},
    journal = {Solid State Ionics},
    author = {Murphy, S T and Cooper, M W D and Grimes, R W},
    month = {12},
    pages = {80--87},
    volume = {267},
    publisher = {Elsevier B.V.},
    url = {http://linkinghub.elsevier.com/retrieve/pii/S016727381400383X},
    doi = {10.1016/j.ssi.2014.09.017},
    issn = {01672738},
    keywords = {Conductivity, DFT, Point defects, Thoria}
}

@article{ni2010porosity,
    title = {{Porosity in oxides on zirconium fuel cladding alloys, and its importance in controlling oxidation rates}},
    year = {2010},
    journal = {Scripta Materialia},
    author = {Ni, N and Lozano-Perez, S and Jenkins, M L and English, C and Smith, G D W and Sykes, J M and Grovenor, C R M},
    number = {8},
    pages = {564--567},
    volume = {62},
    publisher = {Elsevier}
}

@article{Oskarsson2001a,
    title = {{Pre-transition oxidation behaviour of pre-hydrided Zircaloy-2}},
    year = {2001},
    journal = {Journal of Nuclear Materials},
    author = {Oskarsson, M and Ahlberg, E and S{\"{o}}dervall, U and Andersson, U and Pettersson, K},
    number = {3},
    pages = {315--328},
    volume = {289}
}

@article{block1985pressure,
    title = {{Pressure-Temperature Phase Diagram of Zirconia}},
    year = {1985},
    journal = {Journal of the American Ceramic Society},
    author = {Block, S and Jornada, J A H Da and Piermarini, G J},
    number = {9},
    pages = {497--499},
    volume = {68},
    publisher = {Wiley Online Library}
}

@article{King1980,
    title = {{Pressurization Of Nuclear Fuel Rods Using Laser Welding}},
    year = {1980},
    journal = {Proc.SPIE},
    author = {King, Peter P},
    pages = {0247 - 0247 - 6},
    volume = {0247},
    url = {https://doi.org/10.1117/12.959375},
    doi = {10.1117/12.959375}
}

@article{sickafus1999radiation,
    title = {{Radiation damage effects in zirconia}},
    year = {1999},
    journal = {Journal of Nuclear Materials},
    author = {Sickafus, K E and Matzke, H and Hartmann, T and Yasuda, K and Valdez, J A and Chodak III, P and Nastasi, M and Verrall, R A},
    number = {1},
    pages = {66--77},
    volume = {274},
    publisher = {Elsevier}
}

@article{dey2015radiation,
    title = {{Radiation tolerance of nanocrystalline ceramics: Insights from yttria stabilized zirconia}},
    year = {2015},
    journal = {Scientific reports},
    author = {Dey, S and Drazin, J W and Wang, Y and Valdez, J A and Holesinger, T G and Uberuaga, B P and Castro, R H R},
    pages = {7746},
    volume = {5},
    publisher = {Nature Publishing Group}
}

@article{aras1965ranges,
    title = {{Ranges of fragments from fission of U235 with thermal neutrons and the kinetic energy deficit}},
    year = {1965},
    journal = {Nuclear Physics},
    author = {Aras, N K and Menon, M P and Gordon, G E},
    number = {2},
    pages = {337--361},
    volume = {69},
    publisher = {Elsevier}
}

@incollection{kroger1956relations,
    title = {{Relations between the concentrations of imperfections in crystalline solids}},
    year = {1956},
    booktitle = {Solid state physics},
    author = {Kr{\"{o}}ger, F A and Vink, H J},
    pages = {307--435},
    volume = {3},
    publisher = {Elsevier}
}

@article{cubic2,
    title = {{Relative Stability, Structure, and Elastic Properties of Several Phases of Pure Zirconia}},
    year = {1998},
    author = {Dewhurst, J K and Lowther., J E},
    volume = {57}
}

@article{jackson2016resolving,
    title = {{Resolving the structure of TiBe}},
    year = {2016},
    journal = {Culham Centre for Fusion Energy},
    author = {Jackson, M L and Burr, P A and Grimes, R W}
}

@techreport{causey2005review,
    title = {{Review of the oxidation rate of zirconium alloys.}},
    year = {2005},
    author = {Causey, R A and Cowgill, D F and Nilson, R H},
    institution = {Sandia National Laboratories}
}

@article{Shannon1976,
    title = {{Revised effective ionic radii and systematic studies of interatomic distances in halides and chalcogenides}},
    year = {1976},
    journal = {Acta Crystallographica Section A},
    author = {Shannon, R D},
    number = {5},
    pages = {751--767},
    volume = {32}
}

@article{Kohn1965,
    title = {{Self-consistent equations including exchange and correlation effects}},
    year = {1965},
    journal = {Physical Review},
    author = {Kohn, W and Sham, L J},
    number = {4A},
    volume = {140},
    isbn = {9783540373674},
    doi = {10.1103/PhysRev.140.A1133},
    issn = {0031899X},
    pmid = {20432011}
}

@article{Soba2008,
    title = {{Simulation with DIONISIO 1.0 of thermal and mechanical pellet-cladding interaction in nuclear fuel rods}},
    year = {2008},
    journal = {Journal of Nuclear Materials},
    author = {Soba, A and Denis, A},
    pages = {32--43},
    volume = {374},
    doi = {10.1016/j.jnucmat.2007.06.020},
    issn = {00223115}
}

@article{Monkhorst1976,
    title = {{Special points for Brillouin zone integrations}},
    year = {1976},
    journal = {Physical Review B},
    author = {Monkhorst, H and Pack, J},
    number = {12},
    month = {6},
    pages = {5188--5192},
    volume = {13},
    publisher = {American Physical Society},
    url = {http://link.aps.org/doi/10.1103/PhysRevB.13.5188%5Cnhttps://journals.aps.org/prb/abstract/10.1103/PhysRevB.13.5188},
    isbn = {0556-2805},
    doi = {10.1103/PhysRevB.13.5188},
    issn = {01631829},
    pmid = {1966486}
}

@article{Gupta1977,
    title = {{Stabilization of tetragonal phase in polycrystalline zirconia}},
    year = {1977},
    journal = {Journal of Materials Science},
    author = {Gupta, T K and Bechtold, J H and Kuznicki, R C and Cadoff, L H and Rossing, B R},
    number = {12},
    pages = {2421--2426},
    volume = {12},
    publisher = {Kluwer Academic Publishers}
}

@article{duwez1952stabilization,
    title = {{Stabilization of zirconia with calcia and magnesia}},
    year = {1952},
    journal = {Journal of the American Ceramic Society},
    author = {Duwez, P and Odell, F and Brown, F H},
    number = {5},
    pages = {107--113},
    volume = {35},
    publisher = {Wiley Online Library}
}

@article{hofmann1984stress,
    title = {{Stress corrosion cracking of Zircaloy-4 cladding at elevated temperatures and its relevance to transient LWR fuel rod behaviour}},
    year = {1984},
    journal = {Journal of Nuclear Materials},
    author = {Hofmann, P and Spino, J},
    number = {1},
    pages = {85--95},
    volume = {125},
    publisher = {Elsevier}
}

@article{farina2002stress,
    title = {{Stress Corrosion Cracking of Zircaloy-4 in Halide Solutions: Effect of Temperature}},
    year = {2002},
    journal = {Materials Research},
    author = {Farina, S B and Duffo, G S and Galvele, J R},
    number = {2},
    pages = {107--112},
    volume = {5},
    publisher = {SciELO Brasil}
}

@article{foster2001structure,
    title = {{Structure and electrical levels of point defects in monoclinic zirconia}},
    year = {2001},
    journal = {Physical Review B},
    author = {Foster, A S and Sulimov, V B and Gejo, F L and Shluger, A L and Nieminen, R M},
    number = {22},
    pages = {224108},
    volume = {64},
    publisher = {APS}
}

@article{Aldebert1985,
    title = {{Structure and Ionic Mobility of Zirconia at High Temperature}},
    year = {1985},
    journal = {Journal of the American Ceramic Society},
    author = {Aldebert, P and Traverse, J-P.},
    number = {1},
    pages = {34--40},
    volume = {68},
    isbn = {1551-2916},
    doi = {10.1111/j.1151-2916.1985.tb15247.x},
    issn = {15512916}
}

@article{Howard1988,
    title = {{Structures of ZrO2 polymorphs at room temperature by high‐resolution neutron powder diffraction}},
    year = {1988},
    journal = {Acta Crystallographica Section B},
    author = {Howard, C J and Hill, R J and Reichert, B E},
    number = {2},
    pages = {116--120},
    volume = {44},
    isbn = {0108-7681},
    doi = {10.1107/S0108768187010279},
    issn = {16005740}
}

@article{preuss2011studies,
    title = {{Studies regarding corrosion mechanisms in zirconium alloys}},
    year = {2011},
    journal = {J. ASTM Int},
    author = {Preuss, M and Frankel, P and Lozano-Perez, S and Hudson, D and Polatidis, E and Ni, N and Wei, J and English, C and Storer, S and Chong, K B},
    number = {9},
    pages = {649--681},
    volume = {8}
}

@article{nanometre,
    title = {{Studies Regarding Corrosion Mechanisms in Zirconium Alloys}},
    year = {2011},
    journal = {Journal of ASTM International},
    author = {M. Preuss P. Frankel S. Lozano-Perez, et al}
}

@article{Lozovoi2001,
    title = {{Surface energy and the early stages of oxidation of NiAl(110)}},
    year = {2001},
    journal = {Computer Physics Communications},
    author = {Lozovoi, A Y and Alavi, A and Finnis, M W},
    number = {1},
    pages = {174--194},
    volume = {137},
    doi = {10.1016/S0010-4655(01)00178-3},
    issn = {00104655},
    keywords = {Chemical potentials, DFT, NiAl, Oxidation, Surface energy}
}

@article{Cooper2014b,
    title = {{Swelling due to the partition of soluble fission products between the grey phase and uranium dioxide}},
    year = {2014},
    journal = {Progress in Nuclear Energy},
    author = {Cooper, M W D and Middleburgh, S C and Grimes, R W},
    month = {4},
    pages = {33--37},
    volume = {72},
    publisher = {Elsevier},
    url = {http://linkinghub.elsevier.com/retrieve/pii/S0149197013001844},
    doi = {10.1016/j.pnucene.2013.09.006},
    issn = {01491970},
    keywords = {Computer simulation, Fission products, Grey phase, Nuclear fuel, Swelling, Uranium dioxide}
}

@article{I131halflife,
    title = {{Table of radionuclides (Vol. 1-A= 1 to 150)}},
    author = {B{\'{e}}, M M and Chist{\'{e}}, V and Dulieu, C and Browne, E and Chechev, V and Kuzmenko, N and Helmer, R and Nichols, A and Sch{\"{o}}nfeld, E and Dersch, R}
}

@article{I133,
    title = {{Table of radionuclides (Vol. 4-A= 133 to 252)}},
    year = {2008},
    author = {B{\'{e}}, M M and Chist{\'{e}}, V and Dulieu, C and Browne, E and Chechev, V and Kuzmenko, N and Kondev, F G and Luca, A and Gal{\'{a}}n, M and Pearce, A}
}

@article{Te132,
    title = {{Table of Radionuclides (Vol. 6--A= 22 to 242)}},
    author = {B{\'{e}}, M M and Chist{\'{e}}, V and Dulieu, C and Mougeot, X and Chechev, V P and Kuzmenko, N K and Kondev, F G and Luca, A and Gal{\'{a}}n, M and Nichols, A L}
}

@article{chang2007technical,
    title = {{Technical rationale for metal fuel in fast reactors}},
    year = {2007},
    journal = {Nuclear Engineering and Technology},
    author = {Chang, Y I},
    number = {3},
    pages = {161},
    volume = {39},
    publisher = {Korean Nuclear Society}
}

@article{nogita1996tem,
    title = {{TEM analysis of pellet-cladding bonding layer in high burnup BWR fuel}},
    year = {1996},
    journal = {Nuclear Instruments and Methods in Physics Research Section B: Beam Interactions with Materials and Atoms},
    author = {Nogita, K and Une, K and Korei, Y},
    number = {1-4},
    pages = {521--526},
    volume = {116},
    publisher = {Elsevier}
}

@article{iodinezrmetal,
    title = {{Testing and Modelling Iodine-Induced Stress Corrosion Cracking in Stress-Relieved Zircaloy-4}},
    year = {2004},
    journal = {Nuclear Science - Seminar Proceedings},
    author = {Le Boulch, D and Fournier, L and Sainte-Catherine, C},
    publisher = {NEA}
}

@article{iodinezrmetalb,
    title = {{Testing and Modelling Iodine-Induced Stress Corrosion Cracking in Stress-Relieved Zircaloy-4}},
    year = {2004},
    journal = {Nuclear Science - Seminar Proceedings},
    author = {D. Le Boulch L. Fournier, C Sainte-Catherine},
    publisher = {NEA}
}

@article{Qin2007,
    title = {{Tetragonal phase stability in ZrO2 film formed on zirconium alloys and its effects on corrosion resistance}},
    year = {2007},
    journal = {Acta Materialia},
    author = {Qin, W and Nam, C and Li, H L and Szpunar, J A},
    pages = {1695--1701},
    volume = {55},
    doi = {10.1016/j.actamat.2006.10.030},
    issn = {13596454},
    keywords = {Corrosion, Crystalline oxides, Phase transformations, Thermodynamics, Thin films}
}

@article{Kleykamp1985,
    title = {{The chemical state of the fission products in oxide fuels}},
    year = {1985},
    journal = {Journal of Nuclear Materials},
    author = {Kleykamp, H},
    number = {2-3},
    pages = {221--246},
    volume = {131},
    isbn = {0022-3115},
    doi = {10.1016/0022-3115(85)90460-X},
    issn = {00223115}
}

@article{petch1953cleavage,
    title = {{The Cleavage Strengh of Polycrystals}},
    year = {1953},
    journal = {J. of the Iron and Steel Inst.},
    author = {Petch, N J},
    pages = {25--28},
    volume = {174}
}

@article{Couet2015,
    title = {{The coupled current charge compensation model for zirconium alloy fuel cladding oxidation: I. Parabolic oxidation of zirconium alloys}},
    year = {2015},
    journal = {Corrosion Science},
    author = {Couet, A and Motta, A T and Ambard, A},
    volume = {100},
    doi = {10.1016/j.corsci.2015.07.003},
    issn = {0010938X}
}

@article{teufer1962crystal,
    title = {{The crystal structure of tetragonal ZrO2}},
    year = {1962},
    journal = {Acta Crystallographica},
    author = {Teufer, G},
    number = {11},
    pages = {1187},
    volume = {15},
    publisher = {International Union of Crystallography}
}

@article{hall1951deformation,
    title = {{The deformation and ageing of mild steel: III discussion of results}},
    year = {1951},
    journal = {Proceedings of the Physical Society. Section B},
    author = {Hall, E O},
    number = {9},
    pages = {747},
    volume = {64},
    publisher = {IOP Publishing}
}

@article{Busker2000b,
    title = {{The diffusion of iodine and caesium in the UO 2 +- x lattice}},
    year = {2000},
    author = {Busker, G and Grimes, R W and Bradford, M R},
    pages = {46--50},
    volume = {279}
}

@article{Busker2000a,
    title = {{The diffusion of iodine and caesium in the UO2±x lattice}},
    year = {2000},
    journal = {Journal of Nuclear Materials},
    author = {Busker, G and Grimes, R W and Bradford, M R},
    number = {1},
    month = {3},
    pages = {46--50},
    volume = {279},
    url = {http://www.sciencedirect.com/science/article/pii/S0022311599002743},
    doi = {10.1016/S0022-3115(99)00274-3},
    issn = {00223115},
    keywords = {D01, D03, F05}
}

@article{iodine131fissionyield,
    title = {{The Fission Yield of I-131 in the Thermal Neutron Fission of U235}},
    year = {1953},
    journal = {Canadian Journal of Chemistry},
    author = {Bartholomew, R M and Brown, F and Hawkings, R C and Merritt, W F and Yaffe, L},
    number = {2},
    pages = {120--125},
    volume = {31},
    publisher = {NRC Research Press}
}

@article{hull1941half,
    title = {{The Half-Life of Iodine (128)}},
    year = {1941},
    journal = {Physical Review},
    author = {Hull, D E and Seelig, H},
    number = {8},
    pages = {553},
    volume = {60},
    publisher = {APS}
}

@phdthesis{Bell2016,
    title = {{The influence of alloying elements on the corrosion of Zr-based nuclear fuel cladding using density functional theory}},
    year = {2016},
    author = {Bell, B D C},
    school = {Ph. D. Thesis, Imperial College London, Department of Materials}
}

@article{rosenbaum1966interaction,
    title = {{The interaction of iodine with Zircaloy-2}},
    year = {1966},
    journal = {Electrochemical Technology (US) Absorbed by J. Electrochem. Soc.},
    author = {Rosenbaum, H S},
    volume = {4},
    publisher = {General Electric Co., Pleasanton, Calif.}
}

@article{dawson1968kinetics,
    title = {{The kinetics and mechanism of the oxidation of zircaloy-2 at 350--500{${}^\circ$} C}},
    year = {1968},
    journal = {Journal of Nuclear Materials},
    author = {Dawson, J K and Long, G and Seddon, W E and White, J F},
    number = {2},
    pages = {179--200},
    volume = {25},
    publisher = {Elsevier}
}

@book{Newton1729,
    title = {{the Mathematical Principles of Natural}},
    year = {1729},
    booktitle = {Philosophiae Naturalis Principia Mathematica},
    author = {Newton, I},
    pages = {34--75},
    url = {http://books.google.com/books?id=Tm0FAAAAQAAJ&pgis=1}
}

@article{Finnis2005,
    title = {{The oxidation of NiAl: What can we learn from ab initio calculations?}},
    year = {2005},
    journal = {Annual Review of Materials Research},
    author = {Finnis, M W and Lozovoi, A Y and Alavi, A},
    number = {1},
    pages = {167--207},
    volume = {35},
    url = {http://www.annualreviews.org/doi/abs/10.1146/annurev.matsci.35.101503.091652},
    isbn = {1531-7331{\$}{\textbackslash}{\$}r978-0-8243-1735-5},
    doi = {10.1146/annurev.matsci.35.101503.091652},
    issn = {1531-7331},
    keywords = {ordered compounds, point defect, selective oxidation}
}

@article{Lumley2013,
    title = {{The stability of alloying additions in Zirconium}},
    year = {2013},
    journal = {Journal of Nuclear Materials},
    author = {Lumley, S C and Murphy, S T and Burr, P A and Grimes, R W and Chard-Tuckey, P R and Wenman, M R},
    number = {1-3},
    volume = {437},
    isbn = {0022-3115},
    doi = {10.1016/j.jnucmat.2013.01.335},
    issn = {00223115}
}

@article{Chevalier2009,
    title = {{The tetragonal-monoclinic transformation in zirconia: Lessons learned and future trends}},
    year = {2009},
    journal = {Journal of the American Ceramic Society},
    author = {Chevalier, J and Gremillard, L and Virkar, A V and Clarke, D R},
    number = {9},
    month = {9},
    pages = {1901--1920},
    volume = {92}
}

@article{I132,
    title = {{The Use of Iodine 132 for Thyroid Function Tests*}},
    year = {1958},
    journal = {The British journal of radiology},
    author = {Halnan, K E and Pochin, E E},
    number = {371},
    pages = {581--588},
    volume = {31},
    publisher = {The British Institute of Radiology}
}

@article{iodine129fissionyield,
    title = {{The Yields of 129I in Natural and in Neutron-Induced Fission of Uranium}},
    year = {1956},
    journal = {Canadian Journal of Chemistry},
    author = {Purkayastha, B C and Martin, G R},
    number = {3},
    pages = {293--300},
    volume = {34},
    publisher = {NRC Research Press}
}

@article{zirconiayttria,
    title = {{The Zirconia-Yttria System}},
    year = {1951},
    journal = {Journal of the Electrochemical Society},
    author = {Duwez, Pol and Brown, Frank H and Odell, Francis},
    number = {9},
    pages = {356--362},
    volume = {98},
    publisher = {The Electrochemical Society}
}

@article{mackrodt1986theoretical,
    title = {{Theoretical estimates of point defect energies in cubic zirconia}},
    year = {1986},
    journal = {Journal of the American Ceramic Society},
    author = {Mackrodt, W C and Woodrow, P M},
    number = {3},
    pages = {277--280},
    volume = {69},
    publisher = {Wiley Online Library}
}

@article{Qin2014,
    title = {{Thermal conductivity and energetic recoils in UO2 using a many-body potential model.}},
    year = {2014},
    journal = {Journal of physics. Condensed matter : an Institute of Physics journal},
    author = {Qin, M J and Cooper, M W D and Kuo, E Y and Rushton, M J D and Grimes, R W and Lumpkin, G R and Middleburgh, S C},
    number = {49},
    month = {11},
    pages = {495401},
    volume = {26},
    url = {http://www.ncbi.nlm.nih.gov/pubmed/25398161},
    doi = {10.1088/0953-8984/26/49/495401},
    issn = {1361-648X},
    pmid = {25398161},
    keywords = {amorphous, degredation of, in colour only in, nuclear fuel, radiation damage, some figures may appear, the online journal, thermal conductivity, thermophysical properties}
}

@article{Saidy2008,
    title = {{Thermal diffusion of iodine in UO2 and UO2+x}},
    year = {2008},
    journal = {Journal of Nuclear Materials},
    author = {Saidy, M and Hocking, W H and Mouris, J F and Garcia, P and Carlot, G and Pasquet, B},
    number = {2-3},
    month = {1},
    pages = {405--415},
    volume = {372},
    url = {http://linkinghub.elsevier.com/retrieve/pii/S002231150700726X},
    doi = {10.1016/j.jnucmat.2007.03.272},
    issn = {00223115}
}

@article{Brossard2000,
    title = {{Thermal iodine release of surface-implanted iodine in zirconia and its affect on hull disposal}},
    year = {2000},
    journal = {Journal of Nuclear Materials},
    author = {Brossard, F and Chevarier, N and Moncoffre, N and Sainsot, P and Crusset, D and Jaffrezic, H},
    pages = {153--161},
    volume = {279},
    doi = {10.1016/S0022-3115(00)00020-9},
    issn = {00223115}
}

@article{samanta2010thermodynamic,
    title = {{Thermodynamic stability of oxygen point defects in cubic Zirconia}},
    year = {2010},
    journal = {arXiv preprint arXiv:1009.5567},
    author = {Samanta, A and Lenosky, T and Li, J}
}

@article{Cooper2014,
    title = {{Thermophysical and anion diffusion properties of ( U(x) , Th(1 − x) ) O2 Subject Areas :}},
    year = {2014},
    author = {Cooper, M W D and Murphy, S T and Paul, C M and Rushton, M J D and Grimes, R W},
    keywords = {computer modelling and simulation, energy, materials science}
}

@article{ElKadiri2013,
    title = {{Transformations and cracks in zirconia films leading to breakaway oxidation of Zircaloy}},
    year = {2013},
    journal = {Acta Materialia},
    author = {El Kadiri, H and Utegulov, Z N and Khafizov, M and Asle Zaeem, M and Mamivand, M and Oppedal, A L and Enakoutsa, K and Cherkaoui, M and Graham, R H and Arockiasamy, A},
    number = {11},
    volume = {61},
    isbn = {1359-6454},
    doi = {10.1016/j.actamat.2013.02.052},
    issn = {13596454}
}

@article{Cooper2014a,
    title = {{Vacancy mediated cation migration in uranium dioxide: The influence of cluster configuration}},
    year = {2014},
    journal = {Solid State Ionics},
    author = {Cooper, M W D and Middleburgh, S C and Grimes, R W},
    month = {11},
    pages = {68--72},
    volume = {266},
    url = {http://linkinghub.elsevier.com/retrieve/pii/S0167273814003531},
    doi = {10.1016/j.ssi.2014.08.010},
    issn = {01672738}
}

@article{Chroneos2008,
    title = {{Vacancy-mediated dopant diffusion activation enthalpies for germanium}},
    year = {2008},
    journal = {Applied Physics Letters},
    author = {Chroneos, A and Bracht, H and Grimes, R W and Uberuaga, B P},
    number = {17},
    pages = {172103},
    volume = {92},
    url = {http://scitation.aip.org/content/aip/journal/apl/92/17/10.1063/1.2918842},
    doi = {10.1063/1.2918842},
    issn = {00036951}
}

@article{garzarolli1993waterside,
    title = {{Waterside corrosion performance of light water power reactor fuel}},
    year = {1993},
    journal = {Atomnaya Tekhnika za Rubezhom},
    author = {Garzarolli, F and Khol'tser, R},
    pages = {20--29}
}

@article{Falcao2010,
    title = {{Wave energy utilization: A review of the technologies}},
    year = {2010},
    journal = {Renewable and Sustainable Energy Reviews},
    author = {d-O. Falc{\~{a}}o, A F},
    number = {3},
    month = {4},
    pages = {899--918},
    volume = {14},
    url = {http://www.sciencedirect.com/science/article/pii/S1364032109002652},
    doi = {10.1016/j.rser.2009.11.003},
    issn = {13640321},
    keywords = {Equipment, Power take-off, Renewable energy, Review, Wave energy, Wave power}
}

@article{thornton1917xv,
    title = {{XV. The relation of oxygen to the heat of combustion of organic compounds}},
    year = {1917},
    journal = {The London, Edinburgh, and Dublin Philosophical Magazine and Journal of Science},
    author = {Thornton, W M},
    number = {194},
    pages = {196--203},
    volume = {33},
    publisher = {Taylor {\&} Francis}
}

@article{radford1979zirconia,
    title = {{Zirconia electrolyte cells - Part 2 Electrical properties}},
    year = {1979},
    journal = {Journal of Materials Science},
    author = {Radford, K C and Bratton, R J},
    number = {1},
    pages = {66--69},
    volume = {14},
    publisher = {Springer},
    doi = {10.1007/BF01028329},
    issn = {00222461}
}

@article{barberis1995zirconia,
    title = {{Zirconia powders and Zircaloy oxide films: tetragonal phase evolution during 400 C autoclave tests}},
    year = {1995},
    journal = {Journal of Nuclear Materials},
    author = {Barberis, P},
    number = {1-2},
    pages = {34--43},
    volume = {226},
    publisher = {Elsevier}
}

@incollection{Subbarao1981,
    title = {{Zirconia, An Overview}},
    year = {1981},
    booktitle = {Science and technology of zirconia},
    author = {Subbarao, E C},
    pages = {1--24}
}

@misc{FastfissionBindingCurve,
    title = {{Binding energy curve}},
    author = {{Fastfission}}
}

@article{Wisner1998CombinedZircaloy-2,
    title = {{Combined effects of radiation damage and hydrides on the ductility of Zircaloy-2}},
    year = {1998},
    journal = {Nuclear Engineering and Design},
    author = {Wisner, S and Adamson, R B},
    isbn = {0029-5493},
    doi = {10.1016/S0029-5493(98)00155-1},
    issn = {0029-5493}
}

@article{Nicholls2015CrystalInterfaces,
    title = {{Crystal structure of the ZrO phase at zirconium/zirconium oxide interfaces}},
    year = {2015},
    journal = {Advanced Engineering Materials},
    author = {Nicholls, Rebecca J. and Ni, Na and Lozano-Perez, Sergio and London, Andrew and McComb, David W. and Nellist, Peter D. and Grovenor, Chris R.M. and Pickard, Chris J. and Yates, Jonathan R.},
    isbn = {1438-1656},
    doi = {10.1002/adem.201400133},
    issn = {15272648},
    pmid = {25892957}
}

@article{Mogard1985INTERNATIONALSTUDSVIK.,
    title = {{INTERNATIONAL DEMO-RAMP-II PROJECT AT STUDSVIK.}},
    year = {1985},
    journal = {Nuclear Technology},
    author = {Mogard, H. and Knaab, H. and Bergenlid, U. and Lysell, G.},
    doi = {10.1093/gji/ggw334},
    issn = {1365246X}
}

@article{Desgranges2009NeutronUO2,
    title = {{Neutron diffraction study of the in situ oxidation of UO2}},
    year = {2009},
    journal = {Inorganic Chemistry},
    author = {Desgranges, Lionel and Baldinozzi, Gianguido and Rousseau, Gurvan and Ni{\`{e}}pce, Jean Claude and Calvarin, Gilbert},
    isbn = {0020-1669},
    doi = {10.1021/ic9000889},
    issn = {00201669},
    pmid = {19591458}
}

@book{England1992OECDReport,
    title = {{OECD Report}},
    year = {1992},
    author = {England, T. R. and Rider, B. F.},
    pages = {346},
    publisher = {NEA/NSC/DOC}
}

@misc{BenRGPlotIsotopes,
    title = {{Plot of atomic isotopes}},
    author = {{BenRG}},
    url = {https://commons.wikimedia.org/wiki/File:Isotopes_and_half-life.svg}
}

@article{Konashi1983RadiationIodine,
    title = {{Radiation effect on partial pressure of fission product iodine}},
    year = {1983},
    journal = {Journal of Nuclear Materials},
    author = {Konashi, Kenji and Yato, Tadao and Kaneko, Hiromitsu},
    doi = {10.1016/0022-3115(83)90296-9},
    issn = {00223115}
}